@article{yousefpour2019fogplan,
  title={FogPlan: A Lightweight QoS-aware Dynamic Fog Service Provisioning Framework},
  author={Yousefpour, Ashkan and Patil, Ashish and Ishigaki, Genya and Kim, Inwoong and Wang, Xi and Cankaya, Hakki C and Zhang, Qiong and Xie, Weisheng and Jue, Jason P},
  journal={IEEE Internet of Things Journal},
  year={2019},
  publisher={IEEE}
}
@article{yap2010openroads,
  title={OpenRoads: Empowering research in mobile networks},
  author={Yap, Kok-Kiong and Kobayashi, Masayoshi and Sherwood, Rob and Huang, Te-Yuan and Chan, Michael and Handigol, Nikhil and McKeown, Nick},
  journal={ACM SIGCOMM Computer Communication Review},
  volume={40},
  number={1},
  pages={125--126},
  year={2010},
  publisher={ACM New York, NY, USA}
}
@inproceedings{anadiotis2015towards,
  title={Towards a software-defined Network Operating System for the IoT},
  author={Anadiotis, Angelos-Christos G and Galluccio, Laura and Milardo, Sebastiano and Morabito, Giacomo and Palazzo, Sergio},
  booktitle={2015 IEEE 2nd World Forum on Internet of Things (WF-IoT)},
  pages={579--584},
  year={2015},
  organization={IEEE}
}
@inproceedings{li2017balancing,
  title={Balancing the use of batteries and opportunistic scheduling policies for maximizing renewable energy consumption in a Cloud data center},
  author={Li, Yunbo and Orgerie, Anne-C{\'e}cile and Menaud, Jean-Marc},
  booktitle={2017 25th Euromicro International Conference on Parallel, Distributed and Network-based Processing (PDP)},
  pages={408--415},
  year={2017},
  organization={IEEE}
}
@article{ghiassi2014toward,
  title={Toward a realistic performance analysis of storage systems in smart grids},
  author={Ghiassi-Farrokhfal, Yashar and Keshav, Srinivasan and Rosenberg, Catherine},
  journal={IEEE Transactions on Smart Grid},
  volume={6},
  number={1},
  pages={402--410},
  year={2014},
  publisher={IEEE}
}
@article{goiri2013parasol,
  title={Parasol and greenswitch: Managing datacenters powered by renewable energy},
  author={Goiri, {\'I}{\~n}igo and Katsak, William and Le, Kien and Nguyen, Thu D and Bianchini, Ricardo},
  journal={ACM SIGPLAN Notices},
  volume={48},
  number={4},
  pages={51--64},
  year={2013},
  publisher={ACM New York, NY, USA}
}
@article{elahi2020energy,
  title={Energy harvesting towards self-powered IoT devices},
  author={Elahi, Hassan and Munir, Khushboo and Eugeni, Marco and Atek, Sofiane and Gaudenzi, Paolo},
  journal={Energies},
  volume={13},
  number={21},
  pages={5528},
  year={2020},
  publisher={Multidisciplinary Digital Publishing Institute}
}
@article{li2018enabling,
  title={On enabling sustainable edge computing with renewable energy resources},
  author={Li, Wei and Yang, Ting and Delicato, Flavia C and Pires, Paulo F and Tari, Zahir and Khan, Samee U and Zomaya, Albert Y},
  journal={IEEE Communications Magazine},
  volume={56},
  number={5},
  pages={94--101},
  year={2018},
  publisher={IEEE}
}
@inproceedings{lee2015powering,
  title={Powering the IoT: Storage-less and converter-less energy harvesting},
  author={Lee, Hyung Gyu and Chang, Naehyuck},
  booktitle={The 20th Asia and South Pacific Design Automation Conference},
  pages={124--129},
  year={2015},
  organization={IEEE}
}
@inproceedings{bekaroo2016power,
  title={Power consumption of the Raspberry Pi: A comparative analysis},
  author={Bekaroo, Girish and Santokhee, Aditya},
  booktitle={2016 IEEE International Conference on Emerging Technologies and Innovative Business Practices for the Transformation of Societies (EmergiTech)},
  pages={361--366},
  year={2016},
  organization={IEEE}
}
@article{ismail2021escove,
  title={ESCOVE: Energy-SLA-Aware Edge--Cloud Computation Offloading in Vehicular Networks},
  author={Ismail, Leila and Materwala, Huned},
  journal={Sensors},
  volume={21},
  number={15},
  pages={5233},
  year={2021},
  publisher={Multidisciplinary Digital Publishing Institute}
}
@article{malandrino2013content,
  title={Content download in vehicular networks in presence of noisy mobility prediction},
  author={Malandrino, Francesco and Casetti, Claudio and Chiasserini, Carla-Fabiana and Fiore, Marco},
  journal={IEEE Transactions on Mobile Computing},
  volume={13},
  number={5},
  pages={1007--1021},
  year={2013},
  publisher={IEEE}
}
@article{satria2017recovery,
  title={Recovery for overloaded mobile edge computing},
  author={Satria, Dimas and Park, Daihee and Jo, Minho},
  journal={Future Generation Computer Systems},
  volume={70},
  pages={138--147},
  year={2017},
  publisher={Elsevier}
}
@inproceedings{beck2014mobile,
  title={Mobile edge computing: A taxonomy},
  author={Beck, Michael Till and Werner, Martin and Feld, Sebastian and Schimper, S},
  booktitle={Proc. of the Sixth International Conference on Advances in Future Internet},
  pages={48--55},
  year={2014},
  organization={Citeseer}
}
@article{tarneberg2017dynamic,
  title={Dynamic application placement in the mobile cloud network},
  author={T{\"a}rneberg, William and Mehta, Amardeep and Wadbro, Eddie and Tordsson, Johan and Eker, Johan and Kihl, Maria and Elmroth, Erik},
  journal={Future Generation Computer Systems},
  volume={70},
  pages={163--177},
  year={2017},
  publisher={Elsevier}
}
@inproceedings{aljulayfi2018simulation,
  title={Simulation of an augmented reality application for driverless cars in an edge computing environment},
  author={Aljulayfi, Abdullah Fawaz and Djemame, Karim},
  booktitle={2018 Fifth International Symposium on Innovation in Information and Communication Technology (ISIICT)},
  pages={1--8},
  year={2018},
  organization={IEEE}
}
@article{pournaras2021crowd,
  title={Crowd Sensing and Living Lab Outdoor Experimentation Made Easy},
  author={Pournaras, Evangelos and Ghulam, Atif Nabi and Kunz, Renato and H{\"a}nggli, Regula},
  journal={arXiv preprint arXiv:2107.04117},
  year={2021}
}
@inproceedings{zhou2018arve,
  title={Arve: Augmented reality applications in vehicle to edge networks},
  author={Zhou, Pengyuan and Zhang, Wenxiao and Braud, Tristan and Hui, Pan and Kangasharju, Jussi},
  booktitle={Proceedings of the 2018 Workshop on Mobile Edge Communications},
  pages={25--30},
  year={2018}
}
@article{deruyck2012reducing,
  title={Reducing the power consumption in wireless access networks: Overview and recommendations},
  author={Deruyck, Margot and Vereecken, Willem and Joseph, Wout and Lannoo, Bart and Pickavet, Mario and Martens, Luc},
  journal={Progress in Electromagnetics Research-PIER},
  volume={132},
  pages={255--274},
  year={2012}
}
@article{jalali2016fog,
  title={Fog computing may help to save energy in cloud computing},
  author={Jalali, Fatemeh and Hinton, Kerry and Ayre, Robert and Alpcan, Tansu and Tucker, Rodney S},
  journal={IEEE Journal on Selected Areas in Communications},
  volume={34},
  number={5},
  pages={1728--1739},
  year={2016},
  publisher={IEEE}
}
@article{auer2013earth,
  title={EARTH Deliverable D2. 3: Energy efficiency analysis of the reference systems, areas of improvements and target breakdown},
  author={Auer, G and Blume, O and Giannini, V and Godor, I and Imran, MA and Jading, Y and Katranaras, E and Olsson, M and Sabella, D and Skillermark, P and others},
  journal={Project Deliverable D},
  volume={2},
  year={2013}
}
@inproceedings{baresi2017empowering,
  title={Empowering low-latency applications through a serverless edge computing architecture},
  author={Baresi, Luciano and Mendon{\c{c}}a, Danilo Filgueira and Garriga, Martin},
  booktitle={European Conference on Service-Oriented and Cloud Computing},
  pages={196--210},
  year={2017},
  organization={Springer}
}
@article{jones2018stop,
  title={How to stop data centres from gobbling up the world's electricity},
  author={Jones, Nicola},
  journal={Nature},
  volume={561},
  number={7722},
  pages={163--167},
  year={2018},
  publisher={Nature Publishing Group}
}
@inproceedings{wiesner2021leaf,
  title={LEAF: Simulating Large Energy-Aware Fog Computing Environments},
  author={Wiesner, Philipp and Thamsen, Lauritz},
  booktitle={2021 IEEE 5th International Conference on Fog and Edge Computing (ICFEC)},
  pages={29--36},
  year={2021},
  organization={IEEE}
}
@inproceedings{diaz2013enabling,
  title={Enabling autonomic computing on federated advanced cyberinfrastructures},
  author={Diaz-Montes, Javier and Zou, Mengsong and Rodero, Ivan and Parashar, Manish},
  booktitle={Proceedings of the 2013 ACM Cloud and Autonomic Computing Conference},
  pages={1--2},
  year={2013}
}
@inproceedings{rao2012cloud,
  title={Cloud computing for Internet of Things \& sensing based applications},
  author={Rao, BB Prahlada and Saluia, Paval and Sharma, Neetu and Mittal, Ankit and Sharma, Shivay Veer},
  booktitle={2012 Sixth International Conference on Sensing Technology (ICST)},
  pages={374--380},
  year={2012},
  organization={IEEE}
}
@inproceedings{li2017leveraging,
  title={Leveraging renewable energy in edge clouds for data stream analysis in iot},
  author={Li, Yunbo and Orgerie, Anne-C{\'e}cile and Rodero, Ivan and Parashar, Manish and Menaud, Jean-Marc},
  booktitle={2017 17th IEEE/ACM International Symposium on Cluster, Cloud and Grid Computing (CCGRID)},
  pages={186--195},
  year={2017},
  organization={IEEE}
}
@article{li2018end,
  title={End-to-end energy models for Edge Cloud-based IoT platforms: Application to data stream analysis in IoT},
  author={Li, Yunbo and Orgerie, Anne-C{\'e}cile and Rodero, Ivan and Amersho, Betsegaw Lemma and Parashar, Manish and Menaud, Jean-Marc},
  journal={Future Generation Computer Systems},
  volume={87},
  pages={667--678},
  year={2018},
  publisher={Elsevier}
}
@book{bolch2006queueing,
  title={Queueing networks and Markov chains: modeling and performance evaluation with computer science applications},
  author={Bolch, Gunter and Greiner, Stefan and De Meer, Hermann and Trivedi, Kishor S},
  year={2006},
  publisher={John Wiley \& Sons}
}
@article{ahvar2019estimating,
  title={Estimating energy consumption of cloud, fog and edge computing infrastructures},
  author={Ahvar, Ehsan and Orgerie, Anne-C{\'e}cile and Lebre, Adrien},
  journal={IEEE Transactions on Sustainable Computing},
  year={2019},
  publisher={IEEE}
}
@techreport{ISO30134,
type = {Standard},
key = {ISO/IEC 30134-2:2016},
month = mar,
year = {2016},
title = {{Information technology — Data centres — Key performance indicators — Part 2: Power usage effectiveness (PUE)}},
institution = {International Organization for Standardization}
}
@inproceedings{sivaraman2011profiling,
  title={Profiling per-packet and per-byte energy consumption in the NetFPGA Gigabit router},
  author={Sivaraman, Vijay and Vishwanath, Arun and Zhao, Zhi and Russell, Craig},
  booktitle={2011 IEEE Conference on Computer Communications Workshops (INFOCOM WKSHPS)},
  pages={331--336},
  year={2011},
  organization={IEEE}
}
@article{vishwanath2014modeling,
  title={Modeling energy consumption in high-capacity routers and switches},
  author={Vishwanath, Arun and Hinton, Kerry and Ayre, Robert WA and Tucker, Rodney S},
  journal={IEEE Journal on Selected Areas in Communications},
  volume={32},
  number={8},
  pages={1524--1532},
  year={2014},
  publisher={IEEE}
}
@inproceedings{kurpicz2016much,
  title={How much does a VM cost? Energy-proportional Accounting in VM-based Environments},
  author={Kurpicz, Mascha and Orgerie, Anne-C{\'e}cile and Sobe, Anita},
  booktitle={2016 24th Euromicro International Conference on Parallel, Distributed, and Network-Based Processing (PDP)},
  pages={651--658},
  year={2016},
  organization={IEEE}
}
@inproceedings{heinrich2017predicting,
  title={Predicting the energy-consumption of mpi applications at scale using only a single node},
  author={Heinrich, Franz Christian and Cornebize, Tom and Degomme, Augustin and Legrand, Arnaud and Carpen-Amarie, Alexandra and Hunold, Sascha and Orgerie, Anne-C{\'e}cile and Quinson, Martin},
  booktitle={2017 IEEE International Conference on Cluster Computing (CLUSTER)},
  pages={92--102},
  year={2017},
  organization={IEEE}
}
@article{abdi2015vehicle,
  title={In-vehicle augmented reality traffic information system: a new type of communication between driver and vehicle},
  author={Abdi, Lotfi and Abdallah, Faten Ben and Meddeb, Aref},
  journal={Procedia Computer Science},
  volume={73},
  pages={242--249},
  year={2015},
  publisher={Elsevier}
}
@article{yan2019modeling,
  title={Modeling the total energy consumption of mobile network services and applications},
  author={Yan, Ming and Chan, Chien Aun and Gygax, Andr{\'e} F and Yan, Jinyao and Campbell, Leith and Nirmalathas, Ampalavanapillai and Leckie, Christopher},
  journal={Energies},
  volume={12},
  number={1},
  pages={184},
  year={2019},
  publisher={Multidisciplinary Digital Publishing Institute}
}
@book{wu2015cloud,
  title={Cloud Data Centers and Cost Modeling: A complete guide to planning, designing and building a cloud data center},
  author={Wu, Caesar and Buyya, Rajkumar},
  year={2015},
  publisher={Morgan Kaufmann}
}
@inproceedings{ellis2004generalizeability,
  title={Generalizeability of latency detection in a variety of virtual environments},
  author={Ellis, Stephen R and Mania, Katerina and Adelstein, Bernard D and Hill, Michael I},
  booktitle={Proceedings of the Human Factors and Ergonomics Society Annual Meeting},
  volume={48},
  number={23},
  pages={2632--2636},
  year={2004},
  organization={SAGE Publications Sage CA: Los Angeles, CA}
}
@inproceedings{mayer2017emufog,
  title={Emufog: Extensible and scalable emulation of large-scale fog computing infrastructures},
  author={Mayer, Ruben and Graser, Leon and Gupta, Harshit and Saurez, Enrique and Ramachandran, Umakishore},
  booktitle={2017 IEEE Fog World Congress (FWC)},
  pages={1--6},
  year={2017},
  organization={IEEE}
}
@inproceedings{hernandez2017implementing,
  title={Implementing an edge-fog-cloud architecture for stream data management},
  author={Hernandez, Lilian and Cao, Hung and Wachowicz, Monica},
  booktitle={2017 IEEE Fog World Congress (FWC)},
  pages={1--6},
  year={2017},
  organization={IEEE}
}
@article{shi2016edge,
  title={Edge computing: Vision and challenges},
  author={Shi, Weisong and Cao, Jie and Zhang, Quan and Li, Youhuizi and Xu, Lanyu},
  journal={IEEE internet of things journal},
  volume={3},
  number={5},
  pages={637--646},
  year={2016},
  publisher={IEEE}
}
@article{azizi2019priority,
  title={A priority-based service placement policy for Fog-Cloud computing systems},
  author={Azizi, Sadoon and Khosroabadi, Fariba and Shojafar, Mohammad},
  journal={Computational Methods for Differential Equations},
  volume={7},
  number={4 (Special Issue)},
  pages={521--534},
  year={2019},
  publisher={University of Tabriz}
}
@inproceedings{baresi2017empowering,
  title={Empowering low-latency applications through a serverless edge computing architecture},
  author={Baresi, Luciano and Mendon{\c{c}}a, Danilo Filgueira and Garriga, Martin},
  booktitle={European Conference on Service-Oriented and Cloud Computing},
  pages={196--210},
  year={2017},
  organization={Springer}
}
@inproceedings{ha2013impact,
  title={The impact of mobile multimedia applications on data center consolidation},
  author={Ha, Kiryong and Pillai, Padmanabhan and Lewis, Grace and Simanta, Soumya and Clinch, Sarah and Davies, Nigel and Satyanarayanan, Mahadev},
  booktitle={2013 IEEE international conference on cloud engineering (IC2E)},
  pages={166--176},
  year={2013},
  organization={IEEE}
}
@article{la2019enabling,
  title={Enabling intelligence in fog computing to achieve energy and latency reduction},
  author={La, Quang Duy and Ngo, Mao V and Dinh, Thinh Quang and Quek, Tony QS and Shin, Hyundong},
  journal={Digital Communications and Networks},
  volume={5},
  number={1},
  pages={3--9},
  year={2019},
  publisher={Elsevier}
}
@article{puliafito2020mobfogsim,
  title={MobFogSim: Simulation of mobility and migration for fog computing},
  author={Puliafito, Carlo and Gon{\c{c}}alves, Diogo M and Lopes, M{\'a}rcio M and Martins, Leonardo L and Madeira, Edmundo and Mingozzi, Enzo and Rana, Omer and Bittencourt, Luiz F},
  journal={Simulation Modelling Practice and Theory},
  volume={101},
  pages={102062},
  year={2020},
  publisher={Elsevier}
}
@inproceedings{lai2018optimal,
  title={Optimal edge user allocation in edge computing with variable sized vector bin packing},
  author={Lai, Phu and He, Qiang and Abdelrazek, Mohamed and Chen, Feifei and Hosking, John and Grundy, John and Yang, Yun},
  booktitle={International Conference on Service-Oriented Computing},
  pages={230--245},
  year={2018},
  organization={Springer}
}
@article{hu2015mobile,
  title={Mobile edge computing—A key technology towards 5G},
  author={Hu, Yun Chao and Patel, Milan and Sabella, Dario and Sprecher, Nurit and Young, Valerie},
  journal={ETSI white paper},
  volume={11},
  number={11},
  pages={1--16},
  year={2015}
}
@article{wintersberger2019fostering,
  title={Fostering user acceptance and trust in fully automated vehicles: Evaluating the potential of augmented reality},
  author={Wintersberger, Philipp and Frison, Anna-Katharina and Riener, Andreas and Sawitzky, Tamara von},
  journal={PRESENCE: Virtual and Augmented Reality},
  volume={27},
  number={1},
  pages={46--62},
  year={2019},
  publisher={MIT Press One Rogers Street, Cambridge, MA 02142-1209, USA journals-info~…}
}
@article{skarlat2017optimized,
  title={Optimized IoT service placement in the fog},
  author={Skarlat, Olena and Nardelli, Matteo and Schulte, Stefan and Borkowski, Michael and Leitner, Philipp},
  journal={Service Oriented Computing and Applications},
  volume={11},
  number={4},
  pages={427--443},
  year={2017},
  publisher={Springer}
}
@inproceedings{ha2013impact,
  title={The impact of mobile multimedia applications on data center consolidation},
  author={Ha, Kiryong and Pillai, Padmanabhan and Lewis, Grace and Simanta, Soumya and Clinch, Sarah and Davies, Nigel and Satyanarayanan, Mahadev},
  booktitle={2013 IEEE international conference on cloud engineering (IC2E)},
  pages={166--176},
  year={2013},
  organization={IEEE}
}
@article{byers2017architectural,
  title={Architectural imperatives for fog computing: Use cases, requirements, and architectural techniques for fog-enabled iot networks},
  author={Byers, Charles C},
  journal={IEEE Communications Magazine},
  volume={55},
  number={8},
  pages={14--20},
  year={2017},
  publisher={IEEE}
}
@inproceedings{feng2018augmented,
  title={An augmented reality environment for connected and automated vehicle testing and evaluation},
  author={Feng, Yiheng and Yu, Chunhui and Xu, Shaobing and Liu, Henry X and Peng, Huei},
  booktitle={2018 IEEE Intelligent Vehicles Symposium (IV)},
  pages={1549--1554},
  year={2018},
  organization={IEEE}
}
@article{al2020investigating,
  title={Investigating messaging protocols for the Internet of Things (IoT)},
  author={Al-Masri, Eyhab and Kalyanam, Karan Raj and Batts, John and Kim, Jonathan and Singh, Sharanjit and Vo, Tammy and Yan, Charlotte},
  journal={IEEE Access},
  volume={8},
  pages={94880--94911},
  year={2020},
  publisher={IEEE}
}
@article{al2015internet,
  title={Internet of things: A survey on enabling technologies, protocols, and applications},
  author={Al-Fuqaha, Ala and Guizani, Mohsen and Mohammadi, Mehdi and Aledhari, Mohammed and Ayyash, Moussa},
  journal={IEEE communications surveys \& tutorials},
  volume={17},
  number={4},
  pages={2347--2376},
  year={2015},
  publisher={IEEE}
}
@article{jia2015optimal,
  title={Optimal cloudlet placement and user to cloudlet allocation in wireless metropolitan area networks},
  author={Jia, Mike and Cao, Jiannong and Liang, Weifa},
  journal={IEEE Transactions on Cloud Computing},
  volume={5},
  number={4},
  pages={725--737},
  year={2015},
  publisher={IEEE}
}
@article{zhou2018air,
  title={An air-ground integration approach for mobile edge computing in IoT},
  author={Zhou, Zhenyu and Feng, Junhao and Tan, Lu and He, Yejun and Gong, Jie},
  journal={IEEE Communications Magazine},
  volume={56},
  number={8},
  pages={40--47},
  year={2018},
  publisher={IEEE}
}
@article{liu2019joint,
  title={Joint optimization of energy and delay for computation offloading in cloudlet-assisted mobile cloud computing},
  author={Liu, Liqing and Guo, Xijuan and Chang, Zheng and Ristaniemi, Tapani},
  journal={Wireless Networks},
  volume={25},
  number={4},
  pages={2027--2040},
  year={2019},
  publisher={Springer}
}
@book{gautam2012analysis,
  title={Analysis of Queues},
  author={Gautam, Natarajan},
  year={2012},
  publisher={CRC Press, LLC, Boca Raton, Florida, United States}
}
@article{lee2012energy,
  title={Energy efficient utilization of resources in cloud computing systems},
  author={Lee, Young Choon and Zomaya, Albert Y},
  journal={The Journal of Supercomputing},
  volume={60},
  number={2},
  pages={268--280},
  year={2012},
  publisher={Springer}
}
@book{zhou2021green,
  title={Green Internet of Things (IoT): Energy Efficiency Perspective},
  author={Zhou, Zhenyu and Chang, Zheng and Liao, Haijun},
  year={2021},
  publisher={Springer}
}
@article{beloglazov2012energy,
  title={Energy-aware resource allocation heuristics for efficient management of data centers for cloud computing},
  author={Beloglazov, Anton and Abawajy, Jemal and Buyya, Rajkumar},
  journal={Future generation computer systems},
  volume={28},
  number={5},
  pages={755--768},
  year={2012},
  publisher={Elsevier}
}
@article{lu2014connected,
  title={Connected vehicles: Solutions and challenges},
  author={Lu, Ning and Cheng, Nan and Zhang, Ning and Shen, Xuemin and Mark, Jon W},
  journal={IEEE internet of things journal},
  volume={1},
  number={4},
  pages={289--299},
  year={2014},
  publisher={IEEE}
}
@article{luan2013engineering,
  title={Engineering a distributed infrastructure for large-scale cost-effective content dissemination over urban vehicular networks},
  author={Luan, Tom H and Cai, Lin X and Chen, Jiming and Shen, Xuemin Sherman and Bai, Fan},
  journal={IEEE Transactions on Vehicular Technology},
  volume={63},
  number={3},
  pages={1419--1435},
  year={2013},
  publisher={IEEE}
}
@article{he2013mobility,
  title={Mobility and intruder prior information improving the barrier coverage of sparse sensor networks},
  author={He, Shibo and Chen, Jiming and Li, Xu and Shen, Xuemin and Sun, Youxian},
  journal={IEEE transactions on mobile computing},
  volume={13},
  number={6},
  pages={1268--1282},
  year={2013},
  publisher={IEEE}
}
@article{bokhari1981mapping,
  title={On the mapping problem},
  author={Bokhari, Shahid H.},
  journal={IEEE Trans. Computers},
  volume={30},
  number={3},
  pages={207--214},
  year={1981}
}
@article{rao2011distributed,
  title={Distributed coordination of internet data centers under multiregional electricity markets},
  author={Rao, Lei and Liu, Xue and Ilic, Marija D and Liu, Jie},
  journal={Proceedings of the IEEE},
  volume={100},
  number={1},
  pages={269--282},
  year={2011},
  publisher={IEEE}
}
@article{rao2011distributed,
  title={Distributed coordination of internet data centers under multiregional electricity markets},
  author={Rao, Lei and Liu, Xue and Ilic, Marija D and Liu, Jie},
  journal={Proceedings of the IEEE},
  volume={100},
  number={1},
  pages={269--282},
  year={2011},
  publisher={IEEE}
}
@article{ahmad2010joint,
  title={Joint optimization of idle and cooling power in data centers while maintaining response time},
  author={Ahmad, Faraz and Vijaykumar, TN},
  journal={ACM Sigplan Notices},
  volume={45},
  number={3},
  pages={243--256},
  year={2010},
  publisher={ACM New York, NY, USA}
}
@inproceedings{maleki2002power,
  title={Power-aware source routing protocol for mobile ad hoc networks},
  author={Maleki, Morteza and Dantu, Karthik and Pedram, Massoud},
  booktitle={Proceedings of the 2002 international symposium on Low power electronics and design},
  pages={72--75},
  year={2002}
}
@article{debe2020blockchain,
  title={Blockchain-based decentralized reverse bidding in fog computing},
  author={Debe, Mazin and Salah, Khaled and Rehman, Muhammad Habib Ur and Svetinovic, Davor},
  journal={IEEE Access},
  volume={8},
  pages={81686--81697},
  year={2020},
  publisher={IEEE}
}
@article{farooq2020qoe,
  title={QoE based revenue maximizing dynamic resource allocation and pricing for fog-enabled mission-critical iot applications},
  author={Farooq, Muhammad Junaid and Zhu, Quanyan},
  journal={IEEE Transactions on Mobile Computing},
  year={2020},
  publisher={IEEE}
}
@article{tasiopoulos2019fogspot,
  title={Fogspot: Spot pricing for application provisioning in edge/fog computing},
  author={Tasiopoulos, Argyrios and Ascigil, Onur and Psaras, Ioannis and Toumpis, Stavros and Pavlou, George},
  journal={IEEE Transactions on Services Computing},
  year={2019},
  publisher={IEEE}
}
@article{khosroabadi2021scatter,
  title={SCATTER: Service Placement in Real-Time Fog-Assisted IoT Networks},
  author={Khosroabadi, Fariba and Fotouhi-Ghazvini, Faranak and Fotouhi, Hossein},
  journal={Journal of Sensor and Actuator Networks},
  volume={10},
  number={2},
  pages={26},
  year={2021},
  publisher={Multidisciplinary Digital Publishing Institute}
}
@article{salaht2020overview,
  title={An overview of service placement problem in fog and edge computing},
  author={Salaht, Farah Ait and Desprez, Fr{\'e}d{\'e}ric and Lebre, Adrien},
  journal={ACM Computing Surveys (CSUR)},
  volume={53},
  number={3},
  pages={1--35},
  year={2020},
  publisher={ACM New York, NY, USA}
}
@article{nezami2021decentralized,
  title={Decentralized Edge-to-Cloud Load Balancing: Service Placement for the Internet of Things},
  author={Nezami, Zeinab and Zamanifar, Kamran and Djemame, Karim and Pournaras, Evangelos},
  journal={IEEE Access},
  volume={9},
  pages={64983--65000},
  year={2021},
  publisher={IEEE}
}
@article{misra2019detour,
  title={Detour: Dynamic task offloading in software-defined fog for IoT applications},
  author={Misra, Sudip and Saha, Niloy},
  journal={IEEE Journal on Selected Areas in Communications},
  volume={37},
  number={5},
  pages={1159--1166},
  year={2019},
  publisher={IEEE}
}
@article{hassan2020priority,
  title={Priority, network and energy-aware placement of IoT-based application services in fog-cloud environments},
  author={Hassan, Hiwa Omer and Azizi, Sadoon and Shojafar, Mohammad},
  journal={IET Communications},
  volume={14},
  number={13},
  pages={2117--2129},
  year={2020},
  publisher={IET}
}
@article{gavaber2020mfp,
  title={MFP: an approach to delay and energy-efficient module placement in IoT applications based on multi-fog},
  author={Gavaber, Morteza Dadashi and Rajabzadeh, Amir},
  journal={Journal of Ambient Intelligence and Humanized Computing},
  pages={1--17},
  year={2020},
  publisher={Springer}
}
@article{cai2020jote,
  title={Jote: Joint offloading of tasks and energy in fog-enabled iot networks},
  author={Cai, Penghao and Yang, Fuqian and Wang, Jianjia and Wu, Xing and Yang, Yang and Luo, Xiliang},
  journal={IEEE Internet of Things Journal},
  volume={7},
  number={4},
  pages={3067--3082},
  year={2020},
  publisher={IEEE}
}
@article{gavaber2020mfp,
  title={MFP: an approach to delay and energy-efficient module placement in IoT applications based on multi-fog},
  author={Gavaber, Morteza Dadashi and Rajabzadeh, Amir},
  journal={Journal of Ambient Intelligence and Humanized Computing},
  pages={1--17},
  year={2020},
  publisher={Springer}
}
@phdthesis{chen2018application,
  title={An application platform for wearable cognitive assistance},
  author={Chen, Zhuo},
  year={2018},
  school={PhD thesis, Carnegie Mellon University, 2018. 1, 2, 9, 10, 34, 56, 65, 75}
}
@article{byers2017architectural,
  title={Architectural imperatives for fog computing: Use cases, requirements, and architectural techniques for fog-enabled iot networks},
  author={Byers, Charles C},
  journal={IEEE Communications Magazine},
  volume={55},
  number={8},
  pages={14--20},
  year={2017},
  publisher={IEEE}
}
@article{montero2017extending,
  title={Extending the Cloud to the Network Edge.},
  author={Montero, Rub{\'e}n S and Rojas, Elisa and Carrillo, Alfonso A and Llorente, Ignacio Mart{\'\i}n},
  journal={Computer},
  volume={50},
  number={4},
  pages={91--95},
  year={2017}
}
@inproceedings{chen2017empirical,
  title={An empirical study of latency in an emerging class of edge computing applications for wearable cognitive assistance},
  author={Chen, Zhuo and Hu, Wenlu and Wang, Junjue and Zhao, Siyan and Amos, Brandon and Wu, Guanhang and Ha, Kiryong and Elgazzar, Khalid and Pillai, Padmanabhan and Klatzky, Roberta and others},
  booktitle={Proceedings of the Second ACM/IEEE Symposium on Edge Computing},
  pages={1--14},
  year={2017}
}
@book{barabasi2016network,
  title={Network science},
  author={Barab{\'a}si, Albert-L{\'a}szl{\'o} and others},
  year={2016},
  publisher={Cambridge university press}
}
@incollection{sole2004information,
  title={Information theory of complex networks: on evolution and architectural constraints},
  author={Sol{\'e}, Ricard V and Valverde, Sergi},
  booktitle={Complex networks},
  pages={189--207},
  year={2004},
  publisher={Springer}
}
@inproceedings{bonomi2012fog,
  title={Fog computing and its role in the internet of things},
  author={Bonomi, Flavio and Milito, Rodolfo and Zhu, Jiang and Addepalli, Sateesh},
  booktitle={Proceedings of the first edition of the MCC workshop on Mobile cloud computing},
  pages={13--16},
  year={2012},
  organization={ACM}
}
@article{yao2017,
  title={Heterogeneous cloudlet deployment and user-cloudlet association toward cost effective fog computing},
  author={Yao, Hong and Bai, Changmin and Xiong, Muzhou and Zeng, Deze and Fu, Zhangjie},
  journal={Concurrency and Computation: Practice and Experience},
  volume={29},
  number={16},
  pages={e3975},
  year={2017},
  publisher={Wiley Online Library}
}
@article{skarlat2017,
  title={Optimized IoT service placement in the fog},
  author={Skarlat, Olena and Nardelli, Matteo and Schulte, Stefan and Borkowski, Michael and Leitner, Philipp},
  journal={Service Oriented Computing and Applications},
  volume={11},
  number={4},
  pages={427--443},
  year={2017},
  publisher={Springer}
}
@article{yousefpour2019fogplan,
  title={FogPlan: A Lightweight QoS-aware Dynamic Fog Service Provisioning Framework},
  author={Yousefpour, Ashkan and Patil, Ashish and Ishigaki, Genya and Kim, Inwoong and Wang, Xi and Cankaya, Hakki C and Zhang, Qiong and Xie, Weisheng and Jue, Jason P},
  journal={IEEE Internet of Things Journal},
  year={2019},
  publisher={IEEE}
}
@article{yousefpour2018,
  title={QoS-aware Dynamic Fog Service Provisioning},
  author={Yousefpour, Ashkan and Patil, Ashish and Ishigaki, Genya and Kim, Inwoong and Wang, Xi and Cankaya, Hakki C and Zhang, Qiong and Xie, Weisheng and Jue, Jason P},
  journal={arXiv preprint arXiv:1802.00800},
  year={2018}
}
@inproceedings{wang2017virtual,
  title={Virtual machine placement and workload assignment for mobile edge computing},
  author={Wang, Wei and Zhao, Yongli and Tornatore, Massimo and Gupta, Abhishek and Zhang, Jie and Mukherjee, Biswanath},
  booktitle={Cloud Networking (CloudNet), 2017 IEEE 6th International Conference on},
  pages={1--6},
  year={2017},
  organization={IEEE}
}
@article{byers2017architectural,
  title={Architectural imperatives for fog computing: Use cases, requirements, and architectural techniques for FOG-enabled IoT networks},
  author={Byers, Charles C},
  journal={IEEE Communications Magazine},
  volume={55},
  number={8},
  pages={14--20},
  year={2017},
  publisher={IEEE}
}
@article{reiss2011google,
  title={Google cluster-usage traces: format+ schema},
  author={Reiss, Charles and Wilkes, John and Hellerstein, Joseph L},
  journal={Google Inc., White Paper},
  pages={1--14},
  year={2011}
}
@article{reiss2012towards,
  title={Towards understanding heterogeneous clouds at scale: Google trace analysis},
  author={Reiss, Charles and Tumanov, Alexey and Ganger, Gregory R and Katz, Randy H and Kozuch, Michael A},
  journal={Intel Science and Technology Center for Cloud Computing, Tech. Rep},
  volume={84},
  year={2012}
}
@article{brogi2017,
  title={QoS-aware deployment of IoT applications through the fog},
  author={Brogi, Antonio and Forti, Stefano},
  journal={IEEE Internet of Things Journal},
  volume={4},
  number={5},
  pages={1185--1192},
  year={2017},
  publisher={IEEE}
}
@article{deng2016optimal,
  title={Optimal workload allocation in fog-cloud computing toward balanced delay and power consumption},
  author={Deng, Ruilong and Lu, Rongxing and Lai, Chengzhe and Luan, Tom H and Liang, Hao},
  journal={IEEE Internet of Things Journal},
  volume={3},
  number={6},
  pages={1171--1181},
  year={2016},
  publisher={IEEE}
}
@inproceedings{xiao2017qoe,
  title={QoE and power efficiency tradeoff for fog computing networks with fog node cooperation},
  author={Xiao, Yong and Krunz, Marwan},
  booktitle={INFOCOM 2017-IEEE Conference on Computer Communications, IEEE},
  pages={1--9},
  year={2017},
  organization={IEEE}
}
@Article{Serfozo1994,
author="Serfozo, Richard F.",
title="Little laws for utility processes and waiting times in queues",
journal="Queueing Systems",
year="1994",
month="Mar",
day="01",
volume="17",
number="1",
pages="137--181",
abstract="Little's law for queueing systems isL=$\lambda$W: the average queue length equals the average arrival rate times the average waiting time in the system. This study gives further insights into techniques for establishing such laws (i.e. establishing the existence of the terms as limiting averages or expectations) and it presents several basic laws for systems with special structures. The main results concern (1) general necessary and sufficient conditions for Little laws for utility processes as well as queueing systems, (2) Little laws for systems that empty out periodically or, more generally, have regular departures and (3) Little laws tailored to regenerative, Markovian and stationary systems.",
issn="1572-9443",
doi="10.1007/BF01158693",
url="https://doi.org/10.1007/BF01158693"
}
@inproceedings{xu2017zenith,
  title={Zenith: Utility-aware resource allocation for edge computing},
  author={Xu, Jinlai and Palanisamy, Balaji and Ludwig, Heiko and Wang, Qingyang},
  booktitle={Edge Computing (EDGE), 2017 IEEE International Conference on},
  pages={47--54},
  year={2017},
  organization={IEEE}
}
@inproceedings{hong2016dynamic,
  title={Dynamic module deployment in a fog computing platform},
  author={Hong, Hua-Jun and Tsai, Pei-Hsuan and Hsu, Cheng-Hsin},
  booktitle={Network Operations and Management Symposium (APNOMS), 2016 18th Asia-Pacific},
  pages={1--6},
  year={2016},
  organization={IEEE}
}
@inproceedings{souza2016handling,
  title={Handling service allocation in combined fog-cloud scenarios},
  author={Souza, Vitor Barbosa Carlos de and Ram{\'\i}rez, Wilson and Masip-Bruin, Xavier and Mar{\'\i}n-Tordera, Eva and Ren, G and Tashakor, Ghazal},
  booktitle={Communications (ICC), 2016 IEEE International Conference on},
  pages={1--5},
  year={2016},
  organization={IEEE}
}
@inproceedings{skarlat2016resource,
  title={Resource provisioning for IoT services in the fog},
  author={Skarlat, Olena and Schulte, Stefan and Borkowski, Michael and Leitner, Philipp},
  booktitle={2016 IEEE 9th international conference on service-oriented computing and applications (SOCA)},
  pages={32--39},
  year={2016},
  organization={IEEE}
}
@inproceedings{skarlat2017towards,
  title={Towards qos-aware fog service placement},
  author={Skarlat, Olena and Nardelli, Matteo and Schulte, Stefan and Dustdar, Schahram},
  booktitle={Fog and Edge Computing (ICFEC), 2017 IEEE 1st International Conference on},
  pages={89--96},
  year={2017},
  organization={IEEE}
}
@inproceedings{zhang2016segue,
  title={Segue: Quality of service aware edge cloud service migration},
  author={Zhang, Wuyang and Hu, Yi and Zhang, Yanyong and Raychaudhuri, Dipankar},
  booktitle={Cloud Computing Technology and Science (CloudCom), 2016 IEEE International Conference on},
  pages={344--351},
  year={2016},
  organization={IEEE}
}
@inproceedings{yangui2016platform,
  title={A platform as-a-service for hybrid cloud/fog environments},
  author={Yangui, Sami and Ravindran, Pradeep and Bibani, Ons and Glitho, Roch H and Hadj-Alouane, Nejib Ben and Morrow, Monique J and Polakos, Paul A},
  booktitle={Local and Metropolitan Area Networks (LANMAN), 2016 IEEE International Symposium on},
  pages={1--7},
  year={2016},
  organization={IEEE}
}
@inproceedings{saurez2016incremental,
  title={Incremental deployment and migration of geo-distributed situation awareness applications in the fog},
  author={Saurez, Enrique and Hong, Kirak and Lillethun, Dave and Ramachandran, Umakishore and Ottenw{\"a}lder, Beate},
  booktitle={Proceedings of the 10th ACM International Conference on Distributed and Event-based Systems},
  pages={258--269},
  year={2016},
  organization={ACM}
}
@article{mouradian2017comprehensive,
  title={A comprehensive survey on fog computing: State-of-the-art and research challenges},
  author={Mouradian, Carla and Naboulsi, Diala and Yangui, Sami and Glitho, Roch H and Morrow, Monique J and Polakos, Paul A},
  journal={IEEE Communications Surveys \& Tutorials},
  volume={20},
  number={1},
  pages={416--464},
  year={2017},
  publisher={IEEE}
}
@article{agarwal2016efficient,
  title={An efficient architecture and algorithm for resource provisioning in fog computing},
  author={Agarwal, Swati and Yadav, Shashank and Yadav, Arun Kumar},
  journal={International Journal of Information Engineering and Electronic Business},
  volume={8},
  number={1},
  pages={48},
  year={2016},
  publisher={Modern Education and Computer Science Press}
}
@inproceedings{bittencourt2015towards,
  title={Towards virtual machine migration in fog computing},
  author={Bittencourt, Luiz Fernando and Lopes, M{\'a}rcio Moraes and Petri, Ioan and Rana, Omer F},
  booktitle={P2P, Parallel, Grid, Cloud and Internet Computing (3PGCIC), 2015 10th International Conference on},
  pages={1--8},
  year={2015},
  organization={IEEE}
}
@inproceedings{cardellini2015qos,
  title={On QoS-aware scheduling of data stream applications over fog computing infrastructures},
  author={Cardellini, Valeria and Grassi, Vincenzo and Presti, Francesco Lo and Nardelli, Matteo},
  booktitle={Computers and Communication (ISCC), 2015 IEEE Symposium on},
  pages={271--276},
  year={2015},
  organization={IEEE}
}
@article{kapsalis2017cooperative,
  title={A cooperative fog approach for effective workload balancing},
  author={Kapsalis, Andreas and Kasnesis, Panagiotis and Venieris, Iakovos S and Kaklamani, Dimitra I and Patrikakis, Charalampos Z},
  journal={IEEE Cloud Computing},
  volume={4},
  number={2},
  pages={36--45},
  year={2017},
  publisher={IEEE}
}
@inproceedings{hong2013mobile,
  title={Mobile fog: A programming model for large-scale applications on the internet of things},
  author={Hong, Kirak and Lillethun, David and Ramachandran, Umakishore and Ottenw{\"a}lder, Beate and Koldehofe, Boris},
  booktitle={Proceedings of the second ACM SIGCOMM workshop on Mobile cloud computing},
  pages={15--20},
  year={2013},
  organization={ACM}
}
@inproceedings{aazam2015dynamic,
  title={Dynamic resource provisioning through Fog micro datacenter},
  author={Aazam, Mohammad and Huh, Eui-Nam},
  booktitle={Pervasive Computing and Communication Workshops (PerCom Workshops), 2015 IEEE International Conference on},
  pages={105--110},
  year={2015},
  organization={IEEE}
}
@article{vogler2016optimizing,
  title={Optimizing elastic IoT application deployments},
  author={Vogler, Michael and Schleicher, Johannes and Inzinger, Christian and Dustdar, Schahram},
  journal={IEEE Transactions on Services Computing},
  year={2016},
  publisher={IEEE}
}
@inproceedings{cardellini2016optimal,
  title={Optimal operator placement for distributed stream processing applications},
  author={Cardellini, Valeria and Grassi, Vincenzo and Lo Presti, Francesco and Nardelli, Matteo},
  booktitle={Proceedings of the 10th ACM International Conference on Distributed and Event-based Systems},
  pages={69--80},
  year={2016},
  organization={ACM}
}
@inproceedings{cardellini2015qos,
  title={On QoS-aware scheduling of data stream applications over fog computing infrastructures},
  author={Cardellini, Valeria and Grassi, Vincenzo and Presti, Francesco Lo and Nardelli, Matteo},
  booktitle={2015 IEEE Symposium on Computers and Communication (ISCC)},
  pages={271--276},
  year={2015},
  organization={IEEE}
}
@inproceedings{leitner2012cost,
  title={Cost-efficient and application sla-aware client side request scheduling in an infrastructure-as-a-service cloud},
  author={Leitner, Philipp and Hummer, Waldemar and Satzger, Benjamin and Inzinger, Christian and Dustdar, Schahram},
  booktitle={2012 IEEE Fifth International Conference on Cloud Computing},
  pages={213--220},
  year={2012},
  organization={IEEE}
}
@misc{gantz2019digitization,
  title={The Digitization of the World From Edge to Core},
  author={Gantz, John and Reinsel, D and Rydning, J},
  year={2019},
  publisher={Retrieved}
}
@article{nic2008disruptive,
  title={Disruptive civil technologies: Six technologies with potential impacts on us interests out to 2025},
  author={Nic, NIC},
  journal={Tech. Rep.},
  year={2008}
}
@article{fang2020energy,
  title={Energy-Efficient Resource Provisioning Strategy for Reduced Power Consumption in Edge Computing},
  author={Fang, Juan and Chen, Yong and Lu, Shuaibing},
  journal={Applied Sciences},
  volume={10},
  number={17},
  pages={6057},
  year={2020},
  publisher={Multidisciplinary Digital Publishing Institute}
}
@article{zhan2015cloud,
  title={Cloud computing resource scheduling and a survey of its evolutionary approaches},
  author={Zhan, Zhi-Hui and Liu, Xiao-Fang and Gong, Yue-Jiao and Zhang, Jun and Chung, Henry Shu-Hung and Li, Yun},
  journal={ACM Computing Surveys (CSUR)},
  volume={47},
  number={4},
  pages={63},
  year={2015},
  publisher={ACM}
}
@inproceedings{moghaddam2015cloud,
  title={Cloud computing challenges and opportunities: A survey},
  author={Moghaddam, Faraz Fatemi and Ahmadi, Mohammad and Sarvari, Samira and Eslami, Mohammad and Golkar, Ali},
  booktitle={Telematics and Future Generation Networks (TAFGEN), 2015 1st International Conference on},
  pages={34--38},
  year={2015},
  organization={IEEE}
}
@article{taherkordi2018future,
  title={Future Cloud Systems Design: Challenges and Research Directions},
  author={Taherkordi, Amir and Zahid, Feroz and Verginadis, Yiannis and Horn, Geir},
  journal={IEEE Access},
  volume={6},
  pages={74120--74150},
  year={2018},
  publisher={IEEE}
}
@article{chiang2016fog,
  title={Fog and IoT: An overview of research opportunities},
  author={Chiang, Mung and Zhang, Tao},
  journal={IEEE Internet of Things Journal},
  volume={3},
  number={6},
  pages={854--864},
  year={2016},
  publisher={IEEE}
}
@incollection{bonomi2014fog,
  title={Fog computing: A platform for internet of things and analytics},
  author={Bonomi, Flavio and Milito, Rodolfo and Natarajan, Preethi and Zhu, Jiang},
  booktitle={Big data and internet of things: A roadmap for smart environments},
  pages={169--186},
  year={2014},
  publisher={Springer}
}
@inproceedings{hong2013mobile,
  title={Mobile fog: A programming model for large-scale applications on the internet of things},
  author={Hong, Kirak and Lillethun, David and Ramachandran, Umakishore and Ottenw{\"a}lder, Beate and Koldehofe, Boris},
  booktitle={Proceedings of the second ACM SIGCOMM workshop on Mobile cloud computing},
  pages={15--20},
  year={2013},
  organization={ACM}
}
@inproceedings{do2015proximal,
  title={A proximal algorithm for joint resource allocation and minimizing carbon footprint in geo-distributed fog computing},
  author={Do, Cuong T and Tran, Nguyen H and Pham, Chuan and Alam, Md Golam Rabiul and Son, Jae Hyeok and Hong, Choong Seon},
  booktitle={2015 International Conference on Information Networking (ICOIN)},
  pages={324--329},
  year={2015},
  organization={IEEE}
}
@inproceedings{aazam2015dynamic,
  title={Dynamic resource provisioning through Fog micro datacenter},
  author={Aazam, Mohammad and Huh, Eui-Nam},
  booktitle={2015 IEEE international conference on pervasive computing and communication workshops (PerCom workshops)},
  pages={105--110},
  year={2015},
  organization={IEEE}
}
@inproceedings{bittencourt2015towards,
  title={Towards virtual machine migration in fog computing},
  author={Bittencourt, Luiz Fernando and Lopes, Marcio Moraes and Petri, Ioan and Rana, Omer F},
  booktitle={2015 10th International Conference on P2P, Parallel, Grid, Cloud and Internet Computing (3PGCIC)},
  pages={1--8},
  year={2015},
  organization={IEEE}
}
@article{Nezami2019Internet,
author={Nezami, Zeinab and Zamanifar, Kamran},
journal={IEEE Potentials},
title={Internet of things/internet of everything: structure and ingredients},
year={2019},
volume={38},
number={2},
pages={12-17},
keywords={Cloud computing;Edge computing;Data centers;Task analysis;Servers;Mobile handsets},
doi={10.1109/MPOT.2018.2855439},
ISSN={0278-6648},
month={March},
publisher={IEEE}
}
@Misc{clusterdata:Wilkes2011,
  author = {John Wilkes},
  title = {More {Google} cluster data},
  howpublished = {Google research blog},
  month = Nov,
  year = 2011,
  note = {Posted at
	\url{http://googleresearch.blogspot.com/2011/11/more-google-cluster-data.html}.},
}
@BOOK{buyya2019fog,
  title={Fog and Edge Computing: Principles and Paradigms},
  author={Buyya, R. and Srirama, S.N.},
  isbn={9781119524984},
  lccn={2018054742},
  series={Wiley Series on Parallel and Distributed Computing},
  url={https://books.google.com/books?id=cdSvtQEACAAJ},
  year={2019},
  publisher={Wiley}
}

@article{barabasi1999emergence,
  title={Emergence of scaling in random networks},
  author={Barab{\'a}si, Albert-L{\'a}szl{\'o} and Albert, R{\'e}ka},
  journal={science},
  volume={286},
  number={5439},
  pages={509--512},
  year={1999},
  publisher={American Association for the Advancement of Science}
}
@article{watts1998collective,
  title={Collective dynamics of ‘small-world’networks},
  author={Watts, Duncan J and Strogatz, Steven H},
  journal={nature},
  volume={393},
  number={6684},
  pages={440},
  year={1998},
  publisher={Nature Publishing Group}
}
@article{sohn2017small,
  title={Small-world and scale-free network models for IoT systems},
  author={Sohn, Insoo},
  journal={Mobile Information Systems},
  volume={2017},
  year={2017},
  publisher={Hindawi}
}
@article{erdos1959random,
  title={On random graphs, I},
  author={Erd{\"o}s, Paul and R{\'e}nyi, Alfr{\'e}d},
  journal={Publicationes Mathematicae (Debrecen)},
  volume={6},
  pages={290--297},
  year={1959}
}
@article{pournaras2018decentralized,
  title={Decentralized collective learning for self-managed sharing economies},
  author={Pournaras, Evangelos and Pilgerstorfer, Peter and Asikis, Thomas},
  journal={ACM Transactions on Autonomous and Adaptive Systems (TAAS)},
  volume={13},
  number={2},
  pages={10},
  year={2018},
  publisher={ACM}
}
@article{brent1989efficient,
  title={Efficient implementation of the first-fit strategy for dynamic storage allocation},
  author={Brent, Richard P.},
  journal={ACM Transactions on Programming Languages and Systems (TOPLAS)},
  volume={11},
  number={3},
  pages={388--403},
  year={1989},
  publisher={ACM}
}
@inproceedings{xia2018combining,
  title={Combining hardware nodes and software components ordering-based heuristics for optimizing the placement of distributed iot applications in the fog},
  author={Xia, Ye and Etchevers, Xavier and Letondeur, Loic and Coupaye, Thierry and Desprez, Fr{\'e}d{\'e}ric},
  booktitle={Proceedings of the 33rd Annual ACM Symposium on Applied Computing},
  pages={751--760},
  year={2018},
  organization={ACM}
}
@article{tran2019task,
  title={Task Placement on Fog Computing Made Efficient for IoT Application Provision},
  author={Tran, Minh-Quang and Nguyen, Duy Tai and Le, Van An and Nguyen, Duc Hai and Pham, Tran Vu},
  journal={Wireless Communications and Mobile Computing},
  volume={2019},
  year={2019},
  publisher={Hindawi}
}
@article{xu2018dynamic,
  title={Dynamic resource allocation for load balancing in fog environment},
  author={Xu, Xiaolong and Fu, Shucun and Cai, Qing and Tian, Wei and Liu, Wenjie and Dou, Wanchun and Sun, Xingming and Liu, Alex X},
  journal={Wireless Communications and Mobile Computing},
  volume={2018},
  year={2018},
  publisher={Hindawi}
}
@article{fadahunsi2019locality,
  title={Locality sensitive request distribution for fog and cloud servers},
  author={Fadahunsi, Olamilekan and Maheswaran, Muthucumaru},
  journal={Service Oriented Computing and Applications},
  pages={1--14},
  year={2019},
  publisher={Springer}
}
@inproceedings{song2017approach,
  title={An approach to QoS-based task distribution in edge computing networks for IoT applications},
  author={Song, Yaozhong and Yau, Stephen S and Yu, Ruozhou and Zhang, Xiang and Xue, Guoliang},
  booktitle={2017 IEEE International Conference on Edge Computing (EDGE)},
  pages={32--39},
  year={2017},
  organization={IEEE}
}
@inproceedings{banerjee2017multi,
  title={A multi-agent system approach to load-balancing and resource allocation for distributed computing},
  author={Banerjee, Soumya and Hecker, Joshua P},
  booktitle={First Complex Systems Digital Campus World E-Conference 2015},
  pages={41--54},
  year={2017},
  organization={Springer}
}
@article{donassolo2019load,
  title={Load Aware Provisioning of IoT Services on Fog Computing Platform},
  author={Donassolo, Bruno and Fajjari, Ilhem and Legrand, Arnaud and Mertikopoulos, Panayotis},
  year={2019}
}
@INPROCEEDINGS{8762052,
author={B. {Donassolo} and I. {Fajjari} and A. {Legrand} and P. {Mertikopoulos}},
booktitle={ICC 2019 - 2019 IEEE International Conference on Communications (ICC)},
title={Load Aware Provisioning of IoT Services on Fog Computing Platform},
year={2019},
volume={},
number={},
pages={1-7},
keywords={distributed processing;integer programming;Internet of Things;linear programming;resource allocation;telecommunication traffic;heterogeneous infrastructure;Fog service provisioning issue;GO-FSP;IoT application components;Integer Linear Programming formulation;IoT application provisioning problem;heterogeneous devices;load aware provisioning;IoT services;fog computing platform;infrastructure design;Cloud data centers;edge devices;data storage capabilities;IoT applications;conventional Cloud infrastructures;FITOR orchestration system;load balancing;Multiaccess communication;Hamming distance;Manganese;Computer science;Indexes;Benchmark testing;Heuristic algorithms},
doi={10.1109/ICC.2019.8762052},
ISSN={},
month={May},
}
@article{feo1995greedy,
  title={Greedy randomized adaptive search procedures},
  author={Feo, Thomas A and Resende, Mauricio GC},
  journal={Journal of global optimization},
  volume={6},
  number={2},
  pages={109--133},
  year={1995},
  publisher={Springer}
}
@article{pournaras2017self,
  title={Self-regulating supply--demand systems},
  author={Pournaras, Evangelos and Yao, Mark and Helbing, Dirk},
  journal={Future Generation Computer Systems},
  volume={76},
  pages={73--91},
  year={2017},
  publisher={Elsevier}
}
@inproceedings{pilgerstorfer2017self,
  title={Self-adaptive learning in decentralized combinatorial optimization: a design paradigm for sharing economies},
  author={Pilgerstorfer, Peter and Pournaras, Evangelos},
  booktitle={Proceedings of the 12th International Symposium on Software Engineering for Adaptive and Self-Managing Systems},
  pages={54--64},
  year={2017},
  organization={IEEE Press}
}
@inproceedings{pournaras2014measuring,
  title={Measuring and controlling unfairness in decentralized planning of energy demand},
  author={Pournaras, Evangelos and Vasirani, Matteo and Kooij, Robert E and Aberer, Karl},
  booktitle={2014 IEEE international energy conference (ENERGYCON)},
  pages={1255--1262},
  year={2014},
  organization={IEEE}
}
@article{pournaras2014decentralized,
  title={Decentralized planning of energy demand for the management of robustness and discomfort},
  author={Pournaras, Evangelos and Vasirani, Matteo and Kooij, Robert E and Aberer, Karl},
  journal={IEEE Transactions on Industrial Informatics},
  volume={10},
  number={4},
  pages={2280--2289},
  year={2014},
  publisher={IEEE}
}
@article{pournaras2013multi,
  title={Multi-level reconfigurable self-organization in overlay services},
  author={Pournaras, Evangelos},
  year={2013}
}

@inproceedings{dutot2007graphstream,
  title={Graphstream: A tool for bridging the gap between complex systems and dynamic graphs},
  author={Dutot, Antoine and Guinand, Fr{\'e}d{\'e}ric and Olivier, Damien and Pign{\'e}, Yoann},
  booktitle={Emergent Properties in Natural and Artificial Complex Systems. Satellite Conference within the 4th European Conference on Complex Systems (ECCS'2007)},
  year={2007}
}
@article{johnson1995chapter,
  title={Chapter 21: beta distributions},
  author={Johnson, Norman L and Kotz, Samuel and Balakrishnan, N},
  journal={Continuous Univariate Distributions},
  volume={2},
  year={1995}
}
@book{ccinlar2011probability,
  title={Probability and stochastics},
  author={{\c{C}}{\i}nlar, Erhan},
  volume={261},
  year={2011},
  publisher={Springer Science \& Business Media}
}

@phdthesis{colistra2015task,
  title={Task allocation in the Internet of Things},
  author={Colistra, Giuseppe},
  year={2015},
  school={Universita'degli Studi di Cagliari}
}
@article{ningning2016fog,
  title={Fog computing dynamic load balancing mechanism based on graph repartitioning},
  author={Ningning, Song and Chao, Gong and Xingshuo, An and Qiang, Zhan},
  journal={China Communications},
  volume={13},
  number={3},
  pages={156--164},
  year={2016},
  publisher={IEEE}
}
@article{pournaras2019socio,
  title={Socio-technical smart grid optimization via decentralized charge control of electric vehicles},
  author={Pournaras, Evangelos and Jung, Seoho and Yadhunathan, Srivatsan and Zhang, Huiting and Fang, Xingliang},
  journal={Applied Soft Computing},
  volume={82},
  pages={105573},
  year={2019},
  publisher={Elsevier}
}
@article{rockafellar2000optimization,
  title={Optimization of conditional value-at-risk},
  author={Rockafellar, R Tyrrell and Uryasev, Stanislav and others},
  journal={Journal of risk},
  volume={2},
  pages={21--42},
  year={2000}
}
@article{bulkan2018load,
  title={On the Load Balancing of Edge Computing resources for on-line video delivery},
  author={Bulkan, Utku and Dagiuklas, Tasos and Iqbal, Muddesar and Huq, Kazi Mohammed Saidul and Al-Dulaimi, Anwer and Rodriguez, Jonathan},
  journal={IEEE Access},
  volume={6},
  pages={73916--73927},
  year={2018},
  publisher={IEEE}
}
@article{verma2015architecture,
  title={An architecture for load balancing techniques for Fog computing environment},
  author={Verma, Manisha and Yadav, Neelam Bhardwaj Arun Kumar},
  journal={International Journal of Computer Science and Communication},
  volume={8},
  number={2},
  pages={43--49},
  year={2015}
}
@article{verma2016real,
  title={Real time efficient scheduling algorithm for load balancing in fog computing environment},
  author={Verma, Manisha and Bhardwaj, Neelam and Yadav, Arun Kumar},
  journal={Int. J. Inf. Technol. Comput. Sci},
  volume={8},
  number={4},
  pages={1--10},
  year={2016}
}
@article{khattak2019utilization,
  title={Utilization and load balancing in fog servers for health applications},
  author={Khattak, Hasan Ali and Arshad, Hafsa and ul Islam, Saif and Ahmed, Ghufran and Jabbar, Sohail and Sharif, Abdullahi Mohamud and Khalid, Shehzad},
  journal={EURASIP Journal on Wireless Communications and Networking},
  volume={2019},
  number={1},
  pages={91},
  year={2019},
  publisher={Springer}
}
@article{yousefpour2019all,
  title={All one needs to know about fog computing and related edge computing paradigms: A complete survey},
  author={Yousefpour, Ashkan and Fung, Caleb and Nguyen, Tam and Kadiyala, Krishna and Jalali, Fatemeh and Niakanlahiji, Amirreza and Kong, Jian and Jue, Jason P},
  journal={Journal of Systems Architecture},
  year={2019},
  publisher={Elsevier}
}
@phdthesis{jalali2015energy,
  title={Energy consumption of cloud computing and fog computing applications},
  author={Jalali, Fatemeh},
  year={2015}
}
@inproceedings{deng2010heat,
  title={Heat diffusion based dynamic load balancing for distributed virtual environments},
  author={Deng, Yunhua and Lau, Rynson WH},
  booktitle={Proceedings of the 17th ACM Symposium on Virtual Reality Software and Technology},
  pages={203--210},
  year={2010},
  organization={ACM}
}
@article{rajan2013survey,
  title={A survey on load balancing in cloud computing environments},
  author={Rajan, Rajesh George and Jeyakrishnan, V},
  journal={International Journal of Advanced Research in Computer and Communication Engineering},
  volume={2},
  number={12},
  pages={4726--4728},
  year={2013}
}
@inproceedings{D'Angelo:2018:DSC:3194133.3194160,
 author = {D'Angelo, Mirko},
 title = {Decentralized Self-adaptive Computing at the Edge},
 booktitle = {Proceedings of the 13th International Conference on Software Engineering for Adaptive and Self-Managing Systems},
 series = {SEAMS '18},
 year = {2018},
 isbn = {978-1-4503-5715-9},
 location = {Gothenburg, Sweden},
 pages = {144--148},
 numpages = {5},
 url = {http://doi.acm.org/10.1145/3194133.3194160},
 doi = {10.1145/3194133.3194160},
 acmid = {3194160},
 publisher = {ACM},
 address = {New York, NY, USA},
}
@INPROCEEDINGS{8595391,
author={M. {D'Angelo}},
booktitle={2018 IEEE/ACM 13th International Symposium on Software Engineering for Adaptive and Self-Managing Systems (SEAMS)},
title={Decentralized Self-Adaptive Computing at the Edge},
year={2018},
volume={},
number={},
pages={144-148},
keywords={distributed processing;computing infrastructures;centralized infrastructures;large-scale data-intensive applications;decentralized data-intensive systems;self-adaptive applications;decentralized self-adaptive computing at the edge;Uncertainty;Scalability;Cloud computing;Servers;Runtime;Edge computing;Performance evaluation;self adaptive systems;data intensive systems;decentralized computing;edge computing},
doi={},
ISSN={},
month={May},
}
@article{hung2017leading,
  title={Leading the iot, gartner insights on how to lead in a connected world},
  author={Hung, Mark},
  journal={Gartner Research},
  pages={1--29},
  year={2017}
}
@book{van2016random,
  title={Random graphs and complex networks},
  author={Van Der Hofstad, Remco},
  volume={1},
  year={2016},
  publisher={Cambridge university press}
}
@article{svorobej2019simulating,
  title={Simulating fog and edge computing scenarios: An overview and research challenges},
  author={Svorobej, Sergej and Takako Endo, Patricia and Bendechache, Malika and Filelis-Papadopoulos, Christos and Giannoutakis, Konstantinos M and Gravvanis, George A and Tzovaras, Dimitrios and Byrne, James and Lynn, Theo},
  journal={Future Internet},
  volume={11},
  number={3},
  pages={55},
  year={2019},
  publisher={Multidisciplinary Digital Publishing Institute}
}
@article{dastjerdi2016fog,
  title={Fog computing: Helping the Internet of Things realize its potential},
  author={Dastjerdi, Amir Vahid and Buyya, Rajkumar},
  journal={Computer},
  volume={49},
  number={8},
  pages={112--116},
  year={2016},
  publisher={IEEE}
}
@article{moysiadis2018towards,
  title={Towards distributed data management in fog computing},
  author={Moysiadis, Vasileios and Sarigiannidis, Panagiotis and Moscholios, Ioannis},
  journal={Wireless Communications and Mobile Computing},
  volume={2018},
  year={2018},
  publisher={Hindawi}
}
@inproceedings{buyya2009modeling,
  title={Modeling and simulation of scalable Cloud computing environments and the CloudSim toolkit: Challenges and opportunities},
  author={Buyya, Rajkumar and Ranjan, Rajiv and Calheiros, Rodrigo N},
  booktitle={2009 international conference on high performance computing \& simulation},
  pages={1--11},
  year={2009},
  organization={IEEE}
}
@article{ficco2017pseudo,
  title={Pseudo-dynamic testing of realistic edge-fog cloud ecosystems},
  author={Ficco, Massimo and Esposito, Christian and Xiang, Yang and Palmieri, Francesco},
  journal={IEEE Communications Magazine},
  volume={55},
  number={11},
  pages={98--104},
  year={2017},
  publisher={IEEE}
}
@book{chapra2010numerical,
  title={Numerical methods for engineers},
  author={Chapra, Steven C and Canale, Raymond P and others},
  year={2010},
  publisher={Boston: McGraw-Hill Higher Education,}
}
@article{newman2003structure,
  title={The structure and function of complex networks},
  author={Newman, Mark EJ},
  journal={SIAM review},
  volume={45},
  number={2},
  pages={167--256},
  year={2003},
  publisher={SIAM}
}
@article{strogatz2001exploring,
  title={Exploring complex networks},
  author={Strogatz, Steven H},
  journal={nature},
  volume={410},
  number={6825},
  pages={268},
  year={2001},
  publisher={Nature Publishing Group}
}
@article{filiposka2014complex,
  title={Complex Cloud Datacenters},
  author={Filiposka, Sonja and Juiz, Carlos},
  journal={IERI Procedia},
  volume={7},
  pages={8--14},
  year={2014},
  publisher={Elsevier}
}
@article{lera2018availability,
  title={Availability-aware service placement policy in fog computing based on graph partitions},
  author={Lera, Isaac and Guerrero, Carlos and Juiz, Carlos},
  journal={IEEE Internet of Things Journal},
  volume={6},
  number={2},
  pages={3641--3651},
  year={2018},
  publisher={IEEE}
}
@inproceedings{zhang2010load,
  title={A load balancing mechanism based on ant colony and complex network theory in open cloud computing federation},
  author={Zhang, Zehua and Zhang, Xuejie},
  booktitle={2010 The 2nd International Conference on Industrial Mechatronics and Automation},
  volume={2},
  pages={240--243},
  year={2010},
  organization={IEEE}
}
@article{hussain2019fog,
  title={Fog computing for Internet of Things (IoT)-aided smart grid architectures},
  author={Hussain, Md and Beg, MM and others},
  journal={Big Data and cognitive computing},
  volume={3},
  number={1},
  pages={8},
  year={2019},
  publisher={Multidisciplinary Digital Publishing Institute}
}
@article{lera2019yafs,
  title={YAFS: A simulator for IoT scenarios in fog computing},
  author={Lera, Isaac and Guerrero, Carlos and Juiz, Carlos},
  journal={arXiv preprint arXiv:1902.01091},
  year={2019}
}
@article{din2018internet,
  title={The Internet of Things: A review of enabled technologies and future challenges},
  author={Din, Ikram Ud and Guizani, Mohsen and Hassan, Suhaidi and Kim, Byung-Seo and Khan, Muhammad Khurram and Atiquzzaman, Mohammed and Ahmed, Syed Hassan},
  journal={IEEE Access},
  volume={7},
  pages={7606--7640},
  year={2018},
  publisher={IEEE}
}
@article{fan2018application,
  title={Application aware workload allocation for edge computing-based IoT},
  author={Fan, Qiang and Ansari, Nirwan},
  journal={IEEE Internet of Things Journal},
  volume={5},
  number={3},
  pages={2146--2153},
  year={2018},
  publisher={IEEE}
}
@inproceedings{barros2018iot,
  title={An IoT-DaaS Approach for the Interoperability of Heterogeneous Sensor Data Sources},
  author={Barros, Vin{\'\i}cius A and Estrella, J{\'u}lio C and Prates, Leonardo B and Bruschi, Sarita M},
  booktitle={Proceedings of the 21st ACM International Conference on Modeling, Analysis and Simulation of Wireless and Mobile Systems},
  pages={275--279},
  year={2018},
  organization={ACM}
}
@article{amadeo2019fog,
  title={Fog Computing in IoT Smart Environments via Named Data Networking: A Study on Service Orchestration Mechanisms},
  author={Amadeo, Marica and Ruggeri, Giuseppe and Campolo, Claudia and Molinaro, Antonella and Loscr{\'\i}, Valeria and Calafate, Carlos T},
  journal={Future Internet},
  volume={11},
  number={11},
  pages={222},
  year={2019},
  publisher={Multidisciplinary Digital Publishing Institute}
}
@INPROCEEDINGS{8875188,
author={J. {Nikolic} and E. {Pournaras}},
booktitle={2019 22nd Euromicro Conference on Digital System Design (DSD)},
title={Structural Self-Adaptation for Decentralized Pervasive Intelligence},
year={2019},
volume={},
number={},
pages={562-571},
keywords={Optimization;Measurement;Decision making;Power demand;Benchmark testing;Multi-agent systems;Runtime;intelligence, learning, multi-agent system, combinatorial optimization, structure, adaptation, self-organization},
doi={10.1109/DSD.2019.00086},
ISSN={},
month={Aug},
}
@article{openfog2017openfog,
  title={OpenFog reference architecture for fog computing},
  author={OpenFog Consortium Architecture Working Group and others},
  journal={OPFRA001},
  volume={20817},
  pages={162},
  year={2017}
}
@article{liu2013data,
  title={Data center demand response: Avoiding the coincident peak via workload shifting and local generation},
  author={Liu, Zhenhua and Wierman, Adam and Chen, Yuan and Razon, Benjamin and Chen, Niangjun},
  journal={Performance Evaluation},
  volume={70},
  number={10},
  pages={770--791},
  year={2013},
  publisher={Elsevier}
}
@inproceedings{zhang2017resilient,
  title={Resilient datacenter load balancing in the wild},
  author={Zhang, Hong and Zhang, Junxue and Bai, Wei and Chen, Kai and Chowdhury, Mosharaf},
  booktitle={Proceedings of the Conference of the ACM Special Interest Group on Data Communication},
  pages={253--266},
  year={2017},
  organization={ACM}
}
@article{santos2019resource,
  title={Resource Provisioning in Fog Computing: From Theory to Practice},
  author={Santos, Jos{\'e} and Wauters, Tim and Volckaert, Bruno and De Turck, Filip},
  journal={Sensors},
  volume={19},
  number={10},
  pages={2238},
  year={2019},
  publisher={Multidisciplinary Digital Publishing Institute}
}
@article{alsaffar2016architecture,
  title={An architecture of iot service delegation and resource allocation based on collaboration between fog and cloud computing},
  author={Alsaffar, Aymen Abdullah and Pham, Hung Phuoc and Hong, Choong-Seon and Huh, Eui-Nam and Aazam, Mohammad},
  journal={Mobile Information Systems},
  volume={2016},
  year={2016},
  publisher={Hindawi}
}
@techreport{kleinberg1999small,
  title={The small-world phenomenon: An algorithmic perspective},
  author={Kleinberg, Jon},
  year={1999},
  institution={Cornell University}
}
@article{schintler2003scale,
  title={Scale-free phenomena in communication networks: A cross-atlantic comparison},
  author={Schintler, Laurie A and Reggiani, Aura and Kulkarni, Rajendra and Nijkamp, Peter},
  year={2003},
  publisher={Louvain-la-Neuve: European Regional Science Association (ERSA)}
}
@incollection{computing2016fog,
  title={Fog computing and the internet of things: Extend the cloud to where the things are},
  author={Computing, Fog and others},
  booktitle={Technical Report},
  year={2016},
  publisher={Cisco Systems}
}
@article{gupta2017ifogsim,
  title={iFogSim: A toolkit for modeling and simulation of resource management techniques in the Internet of Things, Edge and Fog computing environments},
  author={Gupta, Harshit and Vahid Dastjerdi, Amir and Ghosh, Soumya K and Buyya, Rajkumar},
  journal={Software: Practice and Experience},
  volume={47},
  number={9},
  pages={1275--1296},
  year={2017},
  publisher={Wiley Online Library}
}
@article{kumar2014distributed,
  title={A distributed load-balancing scheme based on a complex network model of cloud servers},
  author={Kumar, Narander and Agarwal, Shalini and Zaidi, Taskeen and Saxena, Vipin},
  journal={ACM SIGSOFT Software Engineering Notes},
  volume={39},
  number={6},
  pages={1--6},
  year={2014},
  publisher={ACM New York, NY, USA}
}
@inproceedings{rahmani2015smart,
  title={Smart e-health gateway: Bringing intelligence to internet-of-things based ubiquitous healthcare systems},
  author={Rahmani, Amir-Mohammad and Thanigaivelan, Nanda Kumar and Gia, Tuan Nguyen and Granados, Jose and Negash, Behailu and Liljeberg, Pasi and Tenhunen, Hannu},
  booktitle={2015 12th Annual IEEE Consumer Communications and Networking Conference (CCNC)},
  pages={826--834},
  year={2015},
  organization={IEEE}
}
@article{gia2019exploiting,
  title={Exploiting fog computing in health monitoring},
  author={Gia, Tuan Nguyen and Jiang, Mingzhe},
  journal={Fog and Edge Computing: Principles and Paradigms},
  pages={291--318},
  year={2019},
  publisher={John Wiley \& Sons, Inc. Hoboken, NJ, USA}
}
@article{openfogopenfog,
  title={OpenFog Reference Architecture for Fog Computing. 2017},
  author={OpenFog Consortium Architecture Working Group and others},
  journal={URL: https://www. openfogconsortium. org/wp-content/uploads/OpenFog\_Reference\_Architecture\_2 \_09\_17-FINAL. pdf}
}
@techreport{iorga2018fog,
  title={Fog computing conceptual model},
  author={Iorga, Michaela and Feldman, Larry and Barton, Robert and Martin, Michael J and Goren, Nedim S and Mahmoudi, Charif},
  year={2018}
}
@article{kaur2017container,
  title={Container-as-a-service at the edge: Trade-off between energy efficiency and service availability at fog nano data centers},
  author={Kaur, Kuljeet and Dhand, Tanya and Kumar, Neeraj and Zeadally, Sherali},
  journal={IEEE wireless communications},
  volume={24},
  number={3},
  pages={48--56},
  year={2017},
  publisher={IEEE}
}
@ARTICLE{8931659,
  author={J. {Zhang} and H. {Guo} and J. {Liu} and Y. {Zhang}},
  journal={IEEE Transactions on Vehicular Technology}, 
  title={Task Offloading in Vehicular Edge Computing Networks: A Load-Balancing Solution}, 
  year={2020},
  volume={69},
  number={2},
  pages={2092-2104},
  doi={10.1109/TVT.2019.2959410}}
@article{babou2020hierarchical,
  title={Hierarchical Load Balancing and Clustering Technique for Home Edge Computing},
  author={Babou, Cheikh Saliou Mbacke and Fall, Doudou and Kashihara, Shigeru and Taenaka, Yuzo and Bhuyan, Monowar H and Niang, Ibrahima and Kadobayashi, Youki},
  journal={IEEE Access},
  volume={8},
  pages={127593--127607},
  year={2020},
  publisher={IEEE}
}
@inproceedings{taneja2017resource,
  title={Resource aware placement of IoT application modules in Fog-Cloud Computing Paradigm},
  author={Taneja, Mohit and Davy, Alan},
  booktitle={2017 IFIP/IEEE Symposium on Integrated Network and Service Management (IM)},
  pages={1222--1228},
  year={2017},
  organization={IEEE}
}
@article{naha2020deadline,
  title={Deadline-based dynamic resource allocation and provisioning algorithms in fog-cloud environment},
  author={Naha, Ranesh Kumar and Garg, Saurabh and Chan, Andrew and Battula, Sudheer Kumar},
  journal={Future Generation Computer Systems},
  volume={104},
  pages={131--141},
  year={2020},
  publisher={Elsevier}
}
@article{naha2021multi,
  title={Multi-criteria--based Dynamic User Behaviour--aware Resource Allocation in Fog Computing},
  author={Naha, Ranesh Kumar and Garg, Saurabh},
  journal={ACM Transactions on Internet of Things},
  volume={2},
  number={1},
  pages={1--31},
  year={2021},
  publisher={ACM New York, NY, USA}
}
@book{janevski2003traffic,
  title={Traffic analysis and design of wireless IP networks},
  author={Janevski, Toni},
  year={2003},
  publisher={Artech House}
}
@article{Fangchun2014Vehicles,
author = {Fangchun, Yang and Wang, Shangguang and Li, Jinglin and Liu, Zhihan and Sun, Qibo},
year = {2014},
month = {10},
pages = {1-15},
title = {An Overview of Internet of Vehicles},
volume = {11},
journal = {Communications, China},
doi = {10.1109/CC.2014.6969789}
}
@article{bozorgchenani2021computation,
  title={Computation offloading in heterogeneous vehicular edge networks: On-line and off-policy bandit solutions},
  author={Bozorgchenani, Arash and Maghsudi, Setareh and Tarchi, Daniele and Hossain, Ekram},
  journal={IEEE Transactions on Mobile Computing},
  year={2021},
  publisher={IEEE}
}
@article{lu2014connected,
  title={Connected vehicles: Solutions and challenges},
  author={Lu, Ning and Cheng, Nan and Zhang, Ning and Shen, Xuemin and Mark, Jon W},
  journal={IEEE internet of things journal},
  volume={1},
  number={4},
  pages={289--299},
  year={2014},
  publisher={IEEE}
}
@article{bitam2015vanet,
  title={VANET-cloud: a generic cloud computing model for vehicular Ad Hoc networks},
  author={Bitam, Salim and Mellouk, Abdelhamid and Zeadally, Sherali},
  journal={IEEE Wireless Communications},
  volume={22},
  number={1},
  pages={96--102},
  year={2015},
  publisher={IEEE}
}
@article{abdelhamid2015vehicle,
  title={Vehicle as a resource (VaaR)},
  author={Abdelhamid, Sherin and Hassanein, Hossam S and Takahara, Glen},
  journal={IEEE Network},
  volume={29},
  number={1},
  pages={12--17},
  year={2015},
  publisher={IEEE}
}
@article{zhang2014collaborative,
  title={Collaborative task execution in mobile cloud computing under a stochastic wireless channel},
  author={Zhang, Weiwen and Wen, Yonggang and Wu, Dapeng Oliver},
  journal={IEEE Transactions on Wireless Communications},
  volume={14},
  number={1},
  pages={81--93},
  year={2014},
  publisher={IEEE}
}
@article{lyu2016multiuser,
  title={Multiuser joint task offloading and resource optimization in proximate clouds},
  author={Lyu, Xinchen and Tian, Hui and Sengul, Cigdem and Zhang, Ping},
  journal={IEEE Transactions on Vehicular Technology},
  volume={66},
  number={4},
  pages={3435--3447},
  year={2016},
  publisher={IEEE}
}
@article{wang2017computation,
  title={Computation offloading and resource allocation in wireless cellular networks with mobile edge computing},
  author={Wang, Chenmeng and Liang, Chengchao and Yu, F Richard and Chen, Qianbin and Tang, Lun},
  journal={IEEE Transactions on Wireless Communications},
  volume={16},
  number={8},
  pages={4924--4938},
  year={2017},
  publisher={IEEE}
}
@article{zhang2017mobile,
  title={Mobile-edge computing for vehicular networks: A promising network paradigm with predictive off-loading},
  author={Zhang, Ke and Mao, Yuming and Leng, Supeng and He, Yejun and Zhang, Yan},
  journal={IEEE Vehicular Technology Magazine},
  volume={12},
  number={2},
  pages={36--44},
  year={2017},
  publisher={IEEE}
}
@inproceedings{djemai2020mobility,
  title={Mobility support for energy and QoS aware IoT services placement in the fog},
  author={Djemai, Tanissia and Stolf, Patricia and Monteil, Thierry and Pierson, Jean-Marc},
  booktitle={2020 International Conference on Software, Telecommunications and Computer Networks (SoftCOM)},
  pages={1--7},
  year={2020},
  organization={IEEE}
}
@article{lin2017resource,
  title={Resource allocation in vehicular cloud computing systems with heterogeneous vehicles and roadside units},
  author={Lin, Chun-Cheng and Deng, Der-Jiunn and Yao, Chia-Chi},
  journal={IEEE Internet of Things Journal},
  volume={5},
  number={5},
  pages={3692--3700},
  year={2017},
  publisher={IEEE}
}
@article{li2019compound,
  title={Compound model of task arrivals and load-aware offloading for vehicular mobile edge computing networks},
  author={Li, Longjiang and Zhou, Hongmei and Xiong, Shawn Xiaoli and Yang, Jianjun and Mao, Yuming},
  journal={IEEE Access},
  volume={7},
  pages={26631--26640},
  year={2019},
  publisher={IEEE}
}
@article{li2019energy,
  title={Energy-efficient computation offloading and resource allocation in fog computing for internet of everything},
  author={Li, Qiuping and Zhao, Junhui and Gong, Yi and Zhang, Qingmiao},
  journal={China Communications},
  volume={16},
  number={3},
  pages={32--41},
  year={2019},
  publisher={IEEE}
}
@article{ligo2017throughput,
  title={Throughput and economics of DSRC-based internet of vehicles},
  author={Ligo, Alexandre K and Peha, Jon M and Ferreira, Pedro and Barros, Jo{\~a}o},
  journal={IEEE access},
  volume={6},
  pages={7276--7290},
  year={2017},
  publisher={IEEE}
}
@article{cheng2018planning,
  title={Planning city-wide package distribution schemes using crowdsourced public transportation systems},
  author={Cheng, Geyao and Guo, Deke and Shi, Jianmai and Qin, Yudong},
  journal={IEEE Access},
  volume={7},
  pages={1234--1246},
  year={2018},
  publisher={IEEE}
}
@article{chen2017service,
  title={Service-oriented dynamic connection management for software-defined internet of vehicles},
  author={Chen, Jiacheng and Zhou, Haibo and Zhang, Ning and Xu, Wenchao and Yu, Quan and Gui, Lin and Shen, Xuemin},
  journal={IEEE Transactions on Intelligent Transportation Systems},
  volume={18},
  number={10},
  pages={2826--2837},
  year={2017},
  publisher={IEEE}
}
@article{silva2018ethical,
  title={Ethical implications of social internet of vehicles systems},
  author={Silva, Ricardo and Iqbal, Razi},
  journal={IEEE Internet of Things Journal},
  volume={6},
  number={1},
  pages={517--531},
  year={2018},
  publisher={IEEE}
}
@inproceedings{rani2016computer,
  title={Computer vision based gaze tracking for accident prevention},
  author={Rani, P Sheela and Subhashree, P and Devi, N Sankari},
  booktitle={2016 World Conference on Futuristic Trends in Research and Innovation for Social Welfare (Startup Conclave)},
  pages={1--6},
  year={2016},
  organization={IEEE}
}
@inproceedings{priyanka2017sudden,
  title={Sudden unintended acceleration avoidance and drowsiness detector for automobile accidents prevention},
  author={Priyanka, S and Hemalatha, G and Saranya, C},
  booktitle={2017 Third International Conference on Science Technology Engineering \& Management (ICONSTEM)},
  pages={964--967},
  year={2017},
  organization={IEEE}
}
@article{chen2018survey,
  title={A survey on task and participant matching in mobile crowd sensing},
  author={Chen, Yue-Yue and Lv, Pin and Guo, De-Ke and Zhou, Tong-Qing and Xu, Ming},
  journal={Journal of Computer Science and Technology},
  volume={33},
  number={4},
  pages={768--791},
  year={2018},
  publisher={Springer}
}
@article{rameau2016real,
  title={A real-time augmented reality system to see-through cars},
  author={Rameau, Fran{\c{c}}ois and Ha, Hyowon and Joo, Kyungdon and Choi, Jinsoo and Park, Kibaek and Kweon, In So},
  journal={IEEE transactions on visualization and computer graphics},
  volume={22},
  number={11},
  pages={2395--2404},
  year={2016},
  publisher={IEEE}
}
@inproceedings{lee2015development,
  title={Development of lane-level guidance service in vehicle augmented reality system},
  author={Lee, Jeong-Woo and Yoon, Chang-Rak and Kang, Jungyu and Park, Byoung-Jun and Kim, Kyong-Ho},
  booktitle={2015 17th International Conference on Advanced Communication Technology (ICACT)},
  pages={263--266},
  year={2015},
  organization={IEEE}
}
@incollection{bonomi2014fog,
  title={Fog computing: A platform for internet of things and analytics},
  author={Bonomi, Flavio and Milito, Rodolfo and Natarajan, Preethi and Zhu, Jiang},
  booktitle={Big data and internet of things: A roadmap for smart environments},
  pages={169--186},
  year={2014},
  publisher={Springer}
}
@inproceedings{canbaz2017comparative,
  title={Comparative analysis of internet topology data sets},
  author={Canbaz, M Abdullah and Thom, Jay and Gunes, Mehmet Hadi},
  booktitle={2017 IEEE Conference on Computer Communications Workshops (INFOCOM WKSHPS)},
  pages={635--640},
  year={2017},
  organization={IEEE}
}
@article{lakhina2003geographic,
  title={On the geographic location of Internet resources},
  author={Lakhina, Anukool and Byers, John W and Crovella, Mark and Matta, Ibrahim},
  journal={IEEE Journal on Selected Areas in Communications},
  volume={21},
  number={6},
  pages={934--948},
  year={2003},
  publisher={IEEE}
}
@article{yousefpour2018reducing,
  title={On reducing IoT service delay via fog offloading},
  author={Yousefpour, Ashkan and Ishigaki, Genya and Gour, Riti and Jue, Jason P},
  journal={IEEE Internet of things Journal},
  volume={5},
  number={2},
  pages={998--1010},
  year={2018},
  publisher={IEEE}
}